@article{Bayes1763,
	title={LII. An essay towards solving a problem in the doctrine of chances. By the late Rev. Mr. Bayes, FRS communicated by Mr. Price, in a letter to John Canton, AMFR S},
	author={Bayes, Thomas},
	journal={Philosophical transactions of the Royal Society of London},
	number={53},
	pages={370--418},
	year={1763},
}

@book{Jeffreys1961,
	author={Jeffreys, Harold},
	title={Theory of probability},
	address={Oxford, UK},
	publisher={Oxford University Press},
	year={1961}
}

@article{Schultink1961,
	title={Produktiviteit als morfologisch fenomeen},
	author={Schultink, Henk},
	journal={Forum der letteren},
	volume={2},
	pages={110--125},
	year={1961}
}

@incollection{MillerChomsky1963,
	author = {Miller, George A. and Chomsky, Noam},
	title = {Finitary models of language users},
	year = {1963},
	booktitle = {Handbook of Mathematical Psychology}	,
	editor = {Luce, R. Duncan and Bush, Robert R. and Galanter, Eugene},
	volume = {2},
	pages = {269-321},
	address = {New York, NY},
	publisher = {John Wiley \& Sons}
}

@book{GreenSwets1966,
  title={Signal detection theory and psychophysics},
  author={Green, D.M. and Swets, J.A.},
  year={1966},
  publisher={Wiley},
  address={New York, NY}
}

@book{KuceraFrancis1967,
  title={Computational analysis of present day American English},
  author={Kučera, J. and Francis, W. N.},
  year={1967},
  publisher={Brown University Press},
  address={Providence, RI}
}

@book{ChomskyHalle1968,
	title={The Sound Pattern of English},
	author={Halle, Morris and Chomsky, Noam},
	year={1968},
	publisher={Harper \& Row}
}

@book{Marchand1969,
	title={The Categories and Types of Present-Day English Word-Formation},
	author={Marchand, Hans},
	year={1969},
	publisher={C. H. Beck’sche Verlagsbuchhandlung},
	address = {München}
}

@book{Matthews1972,
	title={Inflectional morphology: A theoretical study based on aspects of Latin verb conjugation},
	author={Matthews, Peter H.},
	series={Cambridge Studies in Linguistics},
	volume={6},
	year={1972},
	publisher={Cambridge University Press}
}

@phdthesis{Siegel1974,
	title={Topics in English morphology.},
	author={Siegel, Dorothy Carla},
	year={1974},
	school={Massachusetts Institute of Technology}
}

@article{TaftForster1975,
	title={Lexical storage and retrieval of prefixed words},
	author={Taft, Marcus and Forster, Kenneth I.},
	journal={Journal of verbal learning and verbal behavior},
	shortjournal={J. Verbal Learning Verbal Behav.},
	volume={14},
	number={6},
	pages={638--647},
	year={1975},
}

@book{Aronoff1976,
	title={Word formation in generative grammar},
	author={Aronoff, Mark},
	series={Linguistic Inquiry Monographs},
	address={Cambridge, MA},
	publisher={MIT Press},
	year={1976}
}

@article{MarslenWilsonWelsh1978,
	title={Processing interactions and lexical access during word recognition in continuous speech},
	author={Marslen-Wilson, William D. and Welsh, Alan},
	journal={Cognitive psychology},
	volume={10},
	number={1},
	pages={29--63},
	year={1978},
}

@phdthesis{Allen1979,
	author = {Allen, Margaret Reece},
	title = {Morphological investigations},
	year = {1979},
	school = {University of Connecticut},
	address = {Storrs, CT}
}

@article{Taft1979,
	title={Recognition of affixed words and the word frequency effect},
	author={Taft, Marcus},
	journal={Memory \& Cognition},
	volume={7},
	number={4},
	pages={263--272},
	year={1979},
}

@article{Forster1981,
	title={Priming and the effects of sentence and lexical contexts on naming time: Evidence for autonomous lexical processing},
	author={Forster, Kenneth I.},
	journal={Quarterly journal of Experimental Psychology},
	volume={33},
	pages={465-495},
	year={1981},
}

@article{McClellandRumelhart1981,
	title={An interactive activation model of context effects in letter perception: Part I. An account of basic findings},
	author={McClelland, James L. and Rumelhart, David E.},
	journal={Psychological review},
	volume={88},
	number={5},
	pages={375-407},
	year={1981},
}

@incollection{Kiparsky1982,
	title={From cyclic phonology to lexical phonology},
	author={Kiparsky, Paul},
	editor = {van der Hulst, Harry and Smith, N.},
	journal={The structure of phonological representations},
	volume={1},
	pages={131--175},
	year={1982},
	address = {Foris},
	publisher={Dordrecht}
}

@article{RumelhartMcClelland1982,
	title={An interactive activation model of context effects in letter perception: II. The contextual enhancement effect and some tests and extensions of the model.},
	author={Rumelhart, David E. and McClelland, James L.},
	journal={Psychological review},
	volume={89},
	number={1},
	pages={60},
	year={1982}
}

@incollection{Butterworth1983,
	author={Butterworth, B.},
	year={1983},
	title={Lexical representation},
	editor={B. Butterworth},
	booktitle={Language production},
	volume={2},
	pages={257–294},
	address={London,UK},
	publisher={Academic Press}
}

@article{ForsterDavis1984,
	title={Repetition priming and frequency attenuation in lexical access.},
	author={Forster, Kenneth I. and Davis, Chris},
	journal={Journal of experimental psychology: Learning, Memory, and Cognition},
	volume={10},
	number={4},
	pages={680},
	year={1984},
}

@article{HartiganHartigan1985,
	title={The Dip Test of Unimodality},
	author={Hartigan, J. A. and Hartigan, P. M.},
	journal={The Annals of Statistics},
	volume={13},
	number={1},
	pages={70--84},
	year={1985}
}

@article{LaudannaBurani1985,
	title={Address mechanisms to decomposed lexical entries},
	author={Laudanna, Alessandro and Burani, Cristina},
	journal={Linguistics},
	volume={23},
	number={5},
	pages={775--792},
	year={1985},
}

@misc{QuirkEtal1985,
	title={A comprehensive grammar of contemporary English},
	author={Quirk, Randolph and Greenbaum, Sidney and Leech, Geoffrey and Svartvik, Jan},
	year={1985},
	publisher={London: Longman}
}

@article{Taft1985,
	title={The decoding of words in lexical access: A review of the morphographic approach},
	author={Taft, Marcus},
	journal={Reading research: Advances in theory and practice},
	volume={5},
	pages={83--123},
	year={1985}
}

@unpublished{AnshenEtal1986,
	title={The Role of Etymology and Word Length in English Word Formation},
	author={Anshen, Frank and Aronoff, Mark and Byrd, Roy J. and Klavans, Judith},
	address = {Ms., Stony Brook},
	year={1986},
}

@article{McClellandElman1986,
	title={The TRACE model of speech perception},
	author={McClelland, James L. and Elman, Jeffrey L.},
	journal={Cognitive psychology},
	volume={18},
	number={1},
	pages={1--86},
	year={1986},
}

@article{TaftHumbly1986,
	title={Exploring the cohort model of spoken word recognition},
	author={Taft, Marcus and Hambly, Gail},
	journal={Cognition},
	volume={22},
	number={3},
	pages={259--282},
	year={1986}
}

@article{BuraniCaramazza1987,
	title={Representation and processing of derived words},
	author={Burani, Cristina and Caramazza, Alfonso},
	journal={Language and cognitive processes},
	volume={2},
	number={3},
	pages={217--227},
	year={1987},
}

@incollection{Seidenberg1987,
	title={Sublexical structures in visual word recognition: Access units or orthographic redundancy?},
	author={Seidenberg, Mark S.},
	editor={Coltheart, M.},
	booktitle={Attention and performance 12: The psychology of reading},
	page={245--263},
	year={1987},
	publisher={Erlbaum},
	address={Hillsdale, NJ}
}

@article{AnshenAronoff1988,
	title={Producing morphologically complex words},
	author={Anshen, Frank and Aronoff, Mark},
	journal={Linguistics},
	volume={26},
	number={4},
	pages={641--656},
	year={1988},
	publisher={de Gruyter}, 
}

@article{CaramazzaEtal1988,
	title={Lexical access and inflectional morphology},
	author={Caramazza, Alfonso and Laudanna, Alessandro and Romani, Cristina},
	journal={Cognition},
	volume={28},
	number={3},
	pages={297--332},
	year={1988},
}

@article{Fabb1988,
	author = {Fabb, Niegel},
	title = {English Suffixation Is Constrained Only by Selectional Restrictions},
	journal = {Natural Language \& Linguistic Theory},
	volume = {6},
	number = {4},
	year = {1988},
	pages = {527--539}
}

@article{Taft1988,
	title={A morphological-decomposition model of lexical representation},
	author={Taft, Marcus},
	journal={Linguistics},
	volume={26},
	number={4},
	pages={657--668},
	year={1988},
}

@article{SeidenbergMcClelland1989,
	title={A distributed, developmental model of word recognition and naming.},
	author={Seidenberg, Mark S. and McClelland, James L.},
	journal={Psychological review},
	volume={96},
	number={4},
	pages={523},
	year={1989},
}

@article{Elman1990,
	author={Elman, J. L.},
	title={Finding structure in time},
	journal={Cognitive Science},
	year={1990},
	volume={14},
	pages={179-211}
}


@article{BaayenLieber1991,
	author={Baayen, R. Harald and Lieber, Rochelle},
	title={Productivity and English derivation: a corpus-based study},
	journal={Linguistics},
	year={1991},
	volume={29},
	pages={801-843}
}

@incollection{Neely1991,
	title={Semantic priming effects in visual word recognition: A selective review of current findings and theories},
	author={Neely, J. H.},
	editor={Besner, D. and Humphreys, G.},
	booktitle={Basic processes in reading: Visual word recognition},
	pages={264--336},
	year={1991},
	publisher={Erlbaum},
	address={Hillsdale, NJ}
}

@article{Pinker1991,
	title={Rules of language},
	author={Pinker, Steven},
	journal={Science},
	volume={253},
	number={5019},
	pages={530--535},
	year={1991},
}

@book{Taft1993,
	title={Reading and the mental lexicon},
	author={Taft, Marcus},
	year={1993},
	publisher={Psychology Press},
	address={London}
}

@article{Marslen-WilsonEtal1994,
	title={Morphology and meaning in the English mental lexicon.},
	author={Marslen-Wilson, William and Tyler, Lorraine K and Waksler, Rachelle and Older, Lianne},
	journal={Psychological review},
	volume={101},
	number={1},
	pages={3},
	year={1994},
}

@book{Aronoff1994,
	author={Aronoff, Mark},
	title={Morphology by itself},
	address={Cambridge, MA/London, UK},
	series={Linguistic Inquiry Monograph},
	number={22},
	publisher={MIT Press},
	year={1994}
}

@article{Taft1994,
	title={Interactive-activation as a framework for understanding morphological processing},
	author={Taft, Marcus},
	journal={Language and cognitive processes},
	volume={9},
	number={3},
	pages={271--294},
	year={1994},
}

@incollection{SchreuderBaayen1995,
	title={Modeling morphological processing},
	author={Schreuder, Robert and Baayen, R. Harald},
	booktitle={Morphological aspects of language processing},
	editor={Feldman, Laurie Beth},
	pages={131-154},
	year={1995},
	publisher={Lawrence Erlbaum},
	address={Hillsdale, NJ}
}

@article{GraingerJacobs1996,
	title={Orthographic processing in visual word recognition: a multiple read-out model},
	author={Grainger, Jonathan and Jacobs, Arthur M.},
	journal={Psychological review},
	volume={103},
	number={3},
	pages={518–565},
	year={1996},
}

@article{BrentCartwright1996,
	title={Distributional regularity and phonotactic constraints are useful for segmentation},
	author={Brent, Michael R. and Cartwright, Timothy A.},
	journal={Cognition},
	volume={61},
	pages={93--125},
	year={1996},
}

@Article{LundBurgess1996,
	author={Lund, Kevin and Burgess, Curt},
	title={Producing high-dimensional semantic spaces from lexical co-occurrence},
	journal={Behavior Research Methods, Instruments, {\&} Computers},
	year={1996},
	volume={28},
	number={2},
	pages={203--208},
}

@phdthesis{Phillips1996,
	author = {Phillips, Colin},
	title = {Order and structure},
	year = {1996},
	school = {Massachusetts Institute of Technology}
}

@article{SaffranEtal1996a,
	title={Word segmentation: the role of distributional cues},
	author={Saffran, Jenny R. and Newport, Elissa L. and Aslin, Richard N.},
	journal={Journal of memory and language},
	volume={35},
	pages={606-621},
	year={1996},
}

@article{SaffranEtal1996b,
	title={Statistical learning by 8-month-old infants},
	author={Saffran, Jenny R. and Aslin, Richard N. and Newport, Elissa L.},
	journal={Science},
	volume={274},
	number={5294},
	pages={1926-1928},
	year={1996},
}

@article{BaayenEtal1997,
	title={Singulars and plurals in Dutch: Evidence for a parallel dual-route model},
	author={Baayen, R. Harald and Dijkstra, Ton and Schreuder, Robert},
	journal={Journal of Memory and Language},
	shortjournal={J. Mem. Lang.},
	volume={37},
	number={1},
	pages={94--117},
	year={1997},
}

@book{Jusczyk1997,
	title={The discovery of spoken language},
	author={Jusczyk, P. W.},
	address={Cambridge, MA},
	publisher={MIT Press},
	year={1997},
}

@article{OrsoliniMW1997,
	author = {Orsolini, Margherita and Marslen-Wilson, William},
	year = {1997},
	title = {Universals in morphological representation: Evidence from Italian},
	journal = {Language and Cognitive Processes},
	volume = {12},
	number = {1}, 
	pages = {1-47}
}

@article{LandauerDumais1997,
	title={A solution to Plato's problem: The latent semantic analysis theory of acquisition, induction, and representation of knowledge.},
	author={Landauer, Thomas K. and Dumais, Susan T.},
	journal={Psychological review},
	volume={104},
	number={2},
	pages={211-240},
	year={1997},
}

@article{Forster1998,
	title={The pros and cons of masked priming},
	author={Forster, Kenneth I.},
	journal={Journal of psycholinguistic research},
	volume={27},
	number={2},
	pages={203-233},
	year={1998},
}

@article{Brent1999,
	title={Speech segmentation and word discovery. A computational perspective.},
	author={Brent, Michael R.},
	journal={Trends in Cognitive Sciences},
	volume={3},
	pages={294-301},
	year={1999},
}

@phdthesis{Davis1999,
	author={Davis, Colin J.},
	title={The self-organising lexical acquisition and recognition (SOLAR) model of visual word recognition},
	school={University of New South Wales},
	year={1999}
}

@article{SerenoEtal1998,
	title={Establishing a time-line of word recognition: Evidence from eye movements and event-related potentials},
	author={Sereno, S. C. and Rayner, K. and Posner, M. I.},
	journal={NeuroReport},
	volume={9},
	number={10},
	pages={2195-2200},
	year={1998}
}

@article{VitevitchLuce1998,
	title={When words compete: Levels of processing in perception of spoken words},
	author={Vitevitch, Michael S. and Luce, Paul A.},
	journal={Psychological science},
	volume={9},
	number={4},
	pages={325--329},
	year={1998},
}

@article{Forster1999,
	title={Microgenesis of priming effects in lexical access},
	author={Forster, Kenneth I.},
	journal={Brain and Language},
	volume={68},
	pages={5-15},
	year={1999},
}

@book{Plag1999,
	title={Morphological productivity: Structural constraints in English derivation},
	author={Plag, Ingo},
	volume={28},
	year={1999},
	series={Topics in English Linguistics},
	publisher={Mouton de Gruyter},
	address={Berlin/New York, NY}
}

@article{VitevitchEtal1999,
	title={Phonotactics, neighborhood activation, and lexical access for spoken words},
	author={Vitevitch, Michael S. and Luce, Paul A. and Pisoni, David B. and Auer, Edward T.},
	journal={Brain and language},
	volume={68},
	number={1-2},
	pages={306--311},
	year={1999},
}

@article{VitevitchLuce1999,
	title={Probabilistic phonotactics and neighborhood activation in spoken word recognition},
	author={Vitevitch, Michael S. and Luce, Paul A.},
	journal={Journal of memory and language},
	volume={40},
	number={3},
	pages={374--408},
	year={1999},
}


@article{CohenEtal2000,
	title={The visual word form area: Spatial and temporal characterization of an initial stage of reading in normal subjects and posterior split-brain patients},
	author={Cohen, Laurent and Dehaene, Stanislas and Naccache, Lionel and Leh{\'e}ricy, St{\'e}phane and Dehaene-Lambertz, Ghislaine and H{\'e}naff, Marie-Anne and Michel, François},
	journal={Brain},
	volume={123},
	pages={291-307},
	year={2000},
}

@article{RastleEtal2000,
	title={Morphological and semantic effects in visual word recognition: A time-course study},
	author={Rastle, Kathleen and Davis, Matt H. and Marslen-Wilson, William D. and Tyler, Lorraine K.},
	journal={Language and cognitive processes},
	shortjournal={Lang. Cogn. Process},
	volume={15},
	number={4-5},
	pages={507--537},
	year={2000},
}

@article{PulvermullerEtal2001,
	title={Neuromagnetic evidence for early semantic access in word recognition},
	author={Pulverm{\"u}ller, F. and Assahollahi, R. and Elbert, T.},
	journal={European Journal of Neuroscience},
	volume={13},
	number={1},
	pages={201-205},
	year={2001},
}

@article{ColtheartEtal2001,
	title={DRC: a dual route cascaded model of visual word recognition and reading aloud},
	author={Coltheart, Max and Rastle, Kathleen and Perry, Conrad and Langdon, Robyn and Ziegler, Johannes},
	journal={Psychological review},
	volume={108},
	number={1},
	pages={204-256},
	year={2001},
}

@book{Stump2001,
	title={Inflectional morphology: A theory of paradigm structure},
	author={Stump, Gregory T.},
	volume={93},
	year={2001},
	publisher={Cambridge University Press}
}

@article{AronoffFuhrhop2002,
	title={Restricting suffix combinations in German and English: closing suffixes and the monosuffix constraint},
	author={Aronoff, Mark and Fuhrhop, Nanna},
	journal={Natural Language \& Linguistic Theory},
	volume={20},
	pages={451–490},
	year={2002},
}


@incollection{BaayenEtal2002,
	title={Dutch inflection: the rules that prove the exception},
	author={Baayen, R. Harald and Schreuder, Robert and De Jong, Nivja and Krott, Andrea},
	booktitle={Storage and computation in the language faculty},
	pages={61--92},
	year={2002},
}

@article{CohenEtal2002,
	title={Language-specific tuning of visual cortex? Functional properties of the Visual Word Form Area},
	author={Cohen, Laurent and Leh{\'e}ricy, St{\'e}phane and Chochon, Florence and Lemer, Cathy and Rivaud, Sophie and Dehaene, Stanislas},
	journal={Brain},
	volume={125},
	number={5},
	pages={1054--1069},
	year={2002}
}


@article{DavisEtal2002,
	title={Masked priming of prefixes and the influence of spelling--meaning consistency},
	author={Davis, M. H. and Marslen-Wilson, W. D. and Gaskell, M. G.},
	journal={Journal of Experimental Psychology: Human Perception and Performance},
	volume={28},
	pages={218--244},
	year={2002},
}

@article{ChateauEtal2002,
	title={Masked priming of prefixes and the influence of spelling--meaning consistency},
	author={Chateau, Dan and Knudsen, Erin V and Jared, Debra},
	journal={Brain and Language},
	volume={81},
	number={1-3},
	pages={587--600},
	year={2002},
}

@article{AlbrightHayes2003,
	title={Rules vs. analogy in English past tenses: A computational/experimental study},
	author={Albright, Adam and Hayes, Bruce},
	journal={Cognition},
	volume={90},
	number={2},
	pages={119--161},
	year={2003},
}


@incollection{Davis2003,
	title={Connectionist modelling of lexical segmentation and vocabulary acquisition},
	author={Davis, Matt H.},
	editor={Quilan P.},
	booktitle={Connectionist models of development: Developmental processes in real and artiﬁcial neural networks},
	year={2003},
	address={Hove, UK},
	publisher={Psychology Press}
}

@incollection{ForsterEtal2003,
	title={The mechanics of masked priming},
	author={Forster, Kenneth I. and Mohan, Kathleen and Hector, Jo},
	editor={Kinoshita, Sachiko and Lupker, Stephen J.},
	booktitle={Masked priming: The state of the art},
	pages={3--37},
	year={2003},
	address={New York, NY/Hove, UK},
	publisher={Psychology Press}
}

@article{GraingerEtal2003,
	title={Masked repetition and phonological priming within and across modalities.},
	author={Grainger, Jonathan and Diependaele, Kevin and Spinelli, Elsa and Ferrand, Ludovic and Farioli, Fernand},
	journal={Journal of Experimental Psychology: Learning, Memory, and Cognition},
	volume={29},
	number={6},
	pages={1256},
	year={2003},
}

@incollection{GraingerVanHeuven2003,
	title={Modeling letter position coding in printed word perception},
	author={Grainger, Jonathan and van Heuven, Walter},
	booktitle={The mental lexicon},
	editor={Bonin, P.},
	publisher={Nova Science Publishers},
	address={New York, NY},
	year={2003}
}

@article{PylkannenMarantz2003,
	title={Tracking the time course of word recognition with MEG},
	author={Pylkk{\"a}nen, Liina and Marantz, Alec},
	journal={Trends in Cognitive Science},
	volume={7},
	year={2003},
	pages={187-189},
}

@incollection{Taft2003,
	author={Taft, Marcus},
	title={Morphological representation as a correlation between form and meaning},
	editor={Assink, E. and Sandra, D.},
	booktitle={Reading complex words}, 
	pages={pp. 113–137},
	address={Amsterdam},
	publisher={Kluwer},
	year={2003}
}

@article{RastleEtal2004,
	title={The broth in my brother’s brothel: Morpho-orthographic segmentation in visual word recognition},
	author={Rastle, Kathleen and Davis, Matthew H. and New, Boris},
	journal={Psychonomic Bulletin \& Review},
	shortjournal={Psychon. Bull. Rev.},
	volume={11},
	number={6},
	pages={1090--1098},
	year={2004},
}

@article{Taft2004,
	title={Morphological decomposition and the reverse base frequency effect},
	author={Taft, Marcus},
	journal={The Quarterly Journal of Experimental Psychology Section A},
	volume={57},
	number={4},
	pages={745--765},
	year={2004}
}

@incollection{Lieber2005,
	title={English word-formation processes},
	author={Lieber, Rochelle},
	booktitle={Handbook of Word-formation},
	editor={{\v S}tekauer, Pavol and Lieber, Rochelle},
	pages={375--427},
	year={2005},
	address={Dordrecht},
	publisher={Springer}
}

@article{KouiderDupoux2005,
	title={Subliminal speech priming},
	author={Kouider, Sid and Dupoux, Emmanuel},
	journal={Psychological Science},
	volume={16},
	number={8},
	pages={617--625},
	year={2005}
}

@article{DehaeneEtal2005,
	title={The neural code for written words: A proposal},
	author={Dehaene, S. and Cohen, L. and Sigman, M. and Vinckier, F.},
	journal={Trends in Cognitive Science},
	volume={9},
	number={7},
	pages={335-341},
	year={2005}
}


@article{DelPradoMartinEtal2005,
	title = "Changing places: A cross-language perspective on frequency and family size in Dutch and Hebrew",
	journal = "Journal of Memory and Language",
	volume = "53",
	number = "4",
	pages = "496 - 512",
	year = "2005",
	author = "{Moscoso del Prado Martín}, Fermín and Deutsch, Avital and Frost, Ram and Schreuder, Robert and De Jong, Nivja H. and Baayen, R. Harald",
}


@article{HaukEtal2006,
	title={The time course of visual word recognition as revealed by linear regression analysis of ERP data},
	author={Hauk, O. and Davis. M. H. and Ford, M. and Pulverm{\"u}ller, F. and Marslen-Wilson, W. D.},
	journal={Neuroimage},
	volume={30},
	number={4},
	pages={1382-1400},
	year={2006}
}

@article{HolcombGrainger2006,
	title={On the time course of visual word recognition: An event-related potential investigation using masked repetition priming},
	author={Holcomb, Phillip J and Grainger, Jonathan},
	journal={Journal of cognitive neuroscience},
	volume={18},
	number={10},
	pages={1631--1643},
	year={2006},
}

@article{LehtonenEtal2006,
	title={Neural correlates of morphological decomposition in a morphologically rich language: An fMRI study},
	author={Lehtonen, Minna and Vorobyev, Victor A and Hugdahl, Kenneth and Tuokkola, Terhi and Laine, Matti},
	journal={Brain and Language},
	volume={98},
	number={2},
	pages={182--193},
	year={2006}
}

@article{StockallMarantz2006,
	title={A single route, full decomposition model of morphological complexity: MEG evidence},
	author={Stockall, Linnaea and Marantz, Alec},
	journal={The mental lexicon},
	shortjournal={Ment. Lex.},
	volume={1},
	number={1},
	pages={85--123},
	year={2006},
}

@inproceedings{BaayenEtal2007,
	title={Paradigmatic structure in speech production},
	author={Baayen, R. Harald and Levelt, W. and Schreuder, Robert and Ernestus, Mirjam},
	booktitle={Proceedings from the annual meeting of the Chicago linguistic society},
	volume={43},
	number={1},
	pages={1--29},
	year={2007},
	organization={Chicago Linguistic Society}
}

@Article{BalotaEtal2007,
	author="Balota, David A.
	and Yap, Melvin J.
	and Hutchison, Keith A.
	and Cortese, Michael J.
	and Kessler, Brett
	and Loftis, Bjorn
	and Neely, James H.
	and Nelson, Douglas L.
	and Simpson, Greg B.
	and Treiman, Rebecca",
	title="The English Lexicon Project",
	journal="Behavior Research Methods",
	year="2007",
	volume="39",
	number="3",
	pages="445--459",
}

@article{BatesEtal2007,
	title={Fitting Linear Mixed-Effects Models Using \url{lme4}},
	author={Bates, Douglas and Mächler, Martin and Bolker, Ben and Walker, Steve},
	journal={Journal of Statistical Software},
	volume={67},
	number={1},
	year={2015}
}

@article{DehaeneCohen2007,
	title={Cultural recycling of cortical maps},
	author={Dehaene, Stanislas and Cohen, Laurent},
	journal={Neuron},
	volume={56},
	pages={384--398},
	year={2007},
}

@article{FiorentinoPoeppel2007,
	title={Compound words and structure in the lexicon},
	author={Fiorentino, Robert and Poeppel, David},
	journal={Language and Cognitive processes},
	volume={22},
	number={7},
	pages={953--1000},
	year={2007},
}

@book{Kriesel2007, 
	author={David Kriesel}, 
	title={A Brief Introduction to Neural Networks},
	year={2007}, 
	url={http://www.dkriesel.com/en/science/neural_networks}
}

@article{LehtonenEtal2007,
	title={Recognition of morphologically complex words in Finnish: Evidence from event-related potentials},
	author={Lehtonen, Minna and Cunillera, Toni and Rodr{\'\i}guez-Fornells, Antoni and Hult{\'e}n, Annika and Tuomainen, Jyrki and Laine, Matti},
	journal={Brain research},
	volume={1148},
	pages={123--137},
	year={2007},
}

@article{MorrisEtal2007,
	title={Semantic transparency and masked morphological priming: An ERP investigation},
	author={Morris, Joanna and Frank, Tiffany and Grainger, Jonathan and Holcomb, Phillip J.},
	journal={Psychophysiology},
	volume={44},
	pages={506–521},
	year={2007},
}


@article{VinckierEtal2007,
	title={Hierarchical coding of letter strings in the ventral stream: Dissecting the inner organization of the visual word-form system},
	author={Vinckier, F. and Dehaene, S. and Jobert, A. and Dubus, J. P. and Sigman, M. and Cohen, L.},
	journal={Neuron},
	volume={55},
	number={1},
	pages={143-156},
	year={2007},
}

@article{Wagenmakers2007,
	title={A practical solution to the pervasive problems ofp values},
	author={Wagenmakers, Eric-Jan},
	journal={Psychonomic bulletin \& review},
	volume={14},
	number={5},
	pages={779--804},
	year={2007},
	publisher={Springer}
}

@book{Baayen2008,
	author={Baayen, R. Harald}, 
	title={Analyzing Linguistic Data: A Practical Introduction to Statistics using R}, 
	year={2008},
	address={Cambridge, UK}, 
	publisher={Cambridge University Press}, 	
}

@article{DunabeitiaEtal2008,
	title={Does darkness lead to happiness? Masked suffix priming effects},
	author={Andoni Du{\~n}abeitia, Jon and Perea, Manuel and Carreiras, Manuel},
	journal={Language and Cognitive Processes},
	volume={23},
	number={7-8},
	pages={1002--1020},
	year={2008},
}

@article{EmbickMarantz2008,
	title={Architecture and blocking},
	author={Embick, David and Marantz, Alec},
	journal={Linguistic inquiry},
	volume={39},
	number={1},
	pages={1--53},
	year={2008},
}

@article{LeinonenEtal2008,
	title={Event-related potential (ERP) responses to violations of inflectional and derivational rules of Finnish},
	author={Leinonen, Alina and Brattico, Pauli and J{\"a}rvenp{\"a}{\"a}, Miika and Krause, Christina M},
	journal={Brain research},
	volume={1218},
	pages={181--193},
	year={2008},
}

@article{PoeppelEtal2008,
	title = {Speech perception at the interface of neurobiology and linguistics},
	author = {Poeppel, David and Idsardi, William J. and van Wassenhove, Virginie},
	journal = {Phil. Trans. R. Soc. B},
	volume = {363},
	pages = {1071--1086},
	year = {2008}
}

@book{PrinceSmolensky2008,
	title = {Optimality Theory: Constraint interaction in generative grammar},
	author = {Prince, Alan and Smolensky, Paul},
	publisher = {John Wiley \& Sons},
	year = {2008},
	doi = {10.1002/9780470759400},
	url = {https://onlinelibrary.wiley.com/doi/book/10.1002/9780470759400}
}

@article{RastleDavis2008,
	title={Morphological decomposition based on the analysis of orthography},
	author={Rastle, Kathleen and Davis, Matthew H.},
	journal={Language and Cognitive Processes},
	volume={23},
	number={7-8},
	pages={942--971},
	year={2008},
}


@article{ZweigPylkannen2008,
	title={A visual M170 effect of morphological complexity},
	author={Zweig, Eytan and Pylkk{\"a}nen, Liina},
	journal={Language and Cognitive Processes},
	volume={24},
	pages={412--439},
	year={2008},
}

@incollection{Baayen2009,
	title={Corpus linguistics in morphology: Morphological productivity},
	author={Baayen, R. Harald},
	editor={Lüdeling, A. and Kyto, M.},
	booktitle={Corpus Linguistics. An international handbook},
	publisher={Mouton de Gruyter},
	address={Berlin},
	year={2009},
	pages={900-919}
}

@phdthesis{Daland2009,
	title={Word Segmentation, Word Recognition, and Word Learning: A Computational Model of First Language Acquisition},
	author={Robert Daland},
	year={2009},
	school={Northwestern University}	
}

@article{DikkerEtal2009,
	title={Sensitivity to syntax in visual cortex},
	author={Dikker, Suzanne and Rabagliati, Hugh and Pylkk{\"a}nen, Liina},
	journal={Cognition},
	volume={110},
	number={3},
	pages={293--321},
	year={2009},
}

@article{DiependeleEtal2009,
	title={Semantic transparency and masked morphological priming: The case of preﬁxed words},
	author={Diependele, Kevin and Sandra, Dominiek and Grainger, Jonathan},
	journal={Memory \& Cognition},
	volume={37},
	pages={895–908},
	year={2009},
}

@article{FiorentinoFund-Reznicek2009,
	title={Masked morphological priming of compound constituents},
	author={Fiorentino, Robert and Fund-Reznicek, Ella},
	journal={The Mental Lexicon},
	volume={4},
	number={2},
	pages={159--193},
	year={2009},
}

@article{Peirce2009,
	title={Generating stimuli for neuroscience using PsychoPy},
	author={Peirce, Jonathan W.},
	journal={Frontiers in neuroinformatics},
	volume={2},
	pages={10},
	year={2009},
}

@article{RouderEtal2009,
	title={Bayesian t tests for accepting and rejecting the null hypothesis},
	author={Rouder, Jeffrey N. and Speckman, Paul L. and Sun, Dongchu and Morey, Richard D. and Iverson, Geoffrey},
	journal={Psychonomic bulletin \& review},
	volume={16},
	number={2},
	pages={225--237},
	year={2009},
}

@article{SolomyakMarantz2009,
	author={Solomyak, Olla and Marantz, Alec},
	title={Lexical access in early stages of visual word processing: A single-trial correlational MEG study of heteronym recognition},
	year={2009},
	journal={Brain and Language},
	volume={118},
	pages={191-196}
}

@article{CrepaldiEtal2010,
	title={`Fell' primes `fall', but does `bell' prime `ball'? Masked priming with irregularly-inﬂected primes},
	author={Crepaldi, Davide and Rastle, Kathleen and Coltheart, Max and Nickels, Lyndsey},
	journal={Journal of Memory and language},
	volume={63},
	pages={83--99},
	year={2010},
}

@article{Davis2010b,
	title={The spatial coding model of visual word recognition},
	author={Davis, Colin J.},
	journal={Psychological Review},
	volume={117},
	pages={713--758},
	year={2010},
}

@article{Davis2010a,
	title={SOLAR vs SERIOL revisited},
	author={Davis, Colin J.},
	journal={European Journal of Cognitive Psychology},
	volume={22},
	pages={695-724},
	year={2010},
}

@article{DominguezEtal2010,
	title={The contribution of prefixes to morphological processing of Spanish words},
	author={Dominguez, Alberto and Alija, Maira and Rodriguez-Ferreiro, Javier and Cuetos, Fernando},
	journal={European Journal of Cognitive Psychology},
	volume={22},
	number={4},
	pages={569--595},
	year={2010},
}

@book{Hewitt2010,
	title={Abkhaz: A Comprehensive Self-Tutor},
	author={Hewitt, Brian George},
	year={2010},
	publisher={Lincom Europa}
}


@book{Muthmann2010,
	author = {Muthmann, Gustav},
	title = {Reverse English Dictionary},
	year = {2010},
	publisher = {Mouton De Gruyter},
	address = {Berlin/Boston},
	doi = {/10.1515/9783110806847},
}

@article{SolomyakMarantz2010,
	title={Evidence for early morphological decomposition in visual word recognition},
	author={Solomyak, Olla and Marantz, Alec},
	journal={Journal of Cognitive Neuroscience},
	shortjournal={J. Cogn. Neurosci.},
	volume={22},
	number={9},
	pages={2042--2057},
	year={2010},
}

@article{TaftNguyen2010,
	author = {Taft, Marcus and Nguyen-Hoan, Minh},
	title = {A sticky stick? The locus of morphological representation in the lexicon},
	journal = {Language and Cognitive Processes},
	volume = {25},
	number = {2},
	pages = {277-296},
	year  = {2010},
}

@article{DalandEtal2011,
	title={Explaining sonority projection effects},
	author={Daland, Robert and Hayes, Bruce and White, James and Garellek, Marc and Davis, Andrea and Norrmann, Ingrid},
	journal={Phonology},
	volume={28},
	number={2},
	pages={197--234},
	year={2011},
}

@article{DalandPierrehumbert2011,
	title={Learning Diphone-Based Segmentation},
	author={Daland, Robert and Pierrehumbert, Janet B.},
	journal={Cognitive Science},
	volume={35},
	pages={119-155},
	year={2011},
}

@article{DikkerEtal2011,
	title={Before the N400: Effects of lexical--semantic violations in visual cortex},
	author={Dikker, Suzanne and Pylkk{\"a}nen, Liina},
	journal={Brain and Language},
	volume={118},
	number={1-2},
	pages={23--28},
	year={2011},
}

@misc{Kruschke2011,
	title={Doing Bayesian data analysis: A tutorial with R and BUGS. Burlington, MA},
	author={Kruschke, John K},
	year={2011},
	publisher={Academic Press/Elsevier}
}

@article{LewisEtal2011,
	title={The neural basis of obligatory decomposition of suffixed words},
	author={Lewis, Gwyneth and Solomyak, Olla and Marantz, Alec},
	journal={Brain and language},
	shortjournal={Brain Lang.},
	volume={118},
	number={3},
	pages={118--127},
	year={2011},
}

@article{MorrisEtal2011,
	title={Effects of lexical status and morphological complexity in masked priming: An ERP study},
	author={Morris, Joanna and Porter, James H and Grainger, Jonathan and Holcomb, Phillip J},
	journal={Language and cognitive processes},
	volume={26},
	number={4-6},
	pages={558--599},
	year={2011},
}

@article{SimmonsEtal2011,
	title={False-positive psychology: Undisclosed flexibility in data collection and analysis allows presenting anything as significant},
	author={Simmons, Joseph P and Nelson, Leif D and Simonsohn, Uri},
	journal={Psychological science},
	volume={22},
	number={11},
	pages={1359--1366},
	year={2011},
}


@article{AmentaCrepaldi2012,
	AUTHOR={Amenta, Simona and Crepaldi, Davide},   
	TITLE={Morphological Processing as We Know It: An Analytical Review of Morphological Effects in Visual Word Identification},      
	JOURNAL={Frontiers in Psychology},      
	VOLUME={3},      
	PAGES={232},     
	YEAR={2012},      
}

@article{RouderEtal2012,
	title={Default Bayes factors for ANOVA designs},
	author={Rouder, Jeffrey N. and Morey, Richard D. and Speckman, Paul L. and Province, Jordan M.},
	journal={Journal of Mathematical Psychology},
	volume={56},
	number={5},
	pages={356--374},
	year={2012},
}

@incollection{SchutzeSprouse2014,
	title={Judgment data},
	author={Sch{\"u}tze, Carson T and Sprouse, Jon},
	booktitle={Research methods in linguistics},
	editor={Podesva, Robert J. and Sharma, Devyani},
	pages={27--50},
	year={2014},
	publisher={Cambridge University Press Cambridge}
}

@article{BarrEtal2013,
	title={Random effects structure for confirmatory hypothesis testing: Keep it maximal},
	author={Barr, Dale J. and Levy, Roger and Scheepers, Christoph and Tily, Harry J.},
	journal={Journal of memory and language},
	volume={68},
	number={3},
	pages={255--278},
	year={2013},
}

@article{FruchterStockallMarantz2013,
	title={MEG masked priming evidence for form-based decomposition of irregular verbs},
	author={Fruchter, Joseph and Stockall, Linnaea and Marantz, Alec},
	journal={Frontiers in Human Neuroscience},
	volume={7},
	pages={798},
	year={2013},
}

@article{HayesWhite2013,
	title={Phonological naturalness and phonotactic learning},
	author={Hayes, Bruce and White, James},
	journal={Linguistic Inquiry},
	volume={44},
	number={1},
	pages={45--75},
	year={2013},
}

@phdthesis{Schluter2013,
	title={Hearing words without structure: Subliminal speech priming and the organization of the Moroccan Arabic lexicon},
	author={Schluter, Kevin Thomas},
	year={2013},
	school={The University of Arizona.}
}

@misc{BatesEtal2015,
	title={Parsimonious Mixed Models},
	author={Douglas Bates and Reinhold Kliegl and Shravan Vasishth and Harald Baayen},
	year={2015},
	eprint={1506.04967},
	archivePrefix={arXiv},
	primaryClass={stat.ME}
}

@book{Embick2015,
	title={The morpheme: A theoretical introduction},
	author={Embick, David},
	volume={31},
	year={2015},
	publisher={Walter de Gruyter},
	address={Boston, MA/Berlin}
}

@article{FiorentinoEtal2015,
	title={Dissociating morphological and form priming with novel complex word primes: Evidence from masked priming, overt priming, and event-related potentials},
	author={Fiorentino, Robert and Politzer-Ahles, Stephen and Pak, Natalie S and Mart{\'\i}nez-Garc{\'\i}a, Mar{\'\i}a Teresa and Coughlin, Caitlin},
	journal={The mental lexicon},
	volume={10},
	number={3},
	pages={413--434},
	year={2015},
}

@article{FruchterMarantz2015,
	title={Decomposition, lookup, and recombination: MEG evidence for the Full Decomposition model of complex visual word recognition},
	author={Fruchter, Joseph and Marantz, Alec},
	journal={Brain and language},
	volume={143},
	pages={81--96},
	year={2015},
}

@article{UssishkinEtal2015,
	title={Auditory masked priming in Maltese spoken word recognition},
	author={Ussishkin, Adam and Dawson, Colin Reimer and Wedel, Andrew and Schluter, Kevin},
	journal={Language, Cognition and Neuroscience},
	volume={30},
	number={9},
	pages={1096--1115},
	year={2015},
}

@article{CrepaldiEtal2016,
	title={Masked suffix priming and morpheme positional constraints},
	author={Crepaldi, Davide and Hemsworth, Lara and Davis, Colin J. and Rastle, Kathleen},
	journal={The Quarterly Journal of Experimental Psychology},
	volume={69},
	number={1},
	pages={113--128},
	year={2016},
}

@Article{GimenesNew2016,
	author={Gimenes, Manuel and New, Boris},
	title="Worldlex: Twitter and blog word frequencies for 66 languages",
	journal="Behavior Research Methods",
	year="2016",
	volume="48",
	number="3",
	pages="963--972",
}

@book{Schutze2016,
	title={The empirical base of linguistics: Grammaticality judgments and linguistic methodology},
	author={Sch{\"u}tze, Carson T.},
	year={2016},
	series={Classics in Linguistics},
	volume={3},
	publisher={Language Science Press}
}

@inproceedings{Labvanced2017,
	title={LabVanced: A Unified JavaScript Framework for Online Studies},
	author={Finger, Holger and Goeke, Caspar and Diekamp, Dorena and Standvoß, Kai and König, Peter},
	booktitle={2017 International Conference on Computational Social Science},
	year={2017},
	month={07},
	organization={Cologne, Germany}
}

@Article{KuznetsovaEtal2017,
	title = {\url{lmerTest} Package: Tests in Linear Mixed Effects Models},
	author = {Alexandra Kuznetsova and Per B. Brockhoff and Rune H. B.
	Christensen},
	journal = {Journal of Statistical Software},
	year = {2017},
	volume = {82},
	number = {13},
	pages = {1--26}
}

@article{SprouseAlmeida2017,
	title={Design sensitivity and statistical power in acceptability judgment experiments},
	author={Sprouse, Jon and Almeida, Diogo},
	journal={Glossa},
	volume={2},
	number={1},
	pages={1},
	year={2017},
}

@article{UssishkinEtal2017,
	title={Lexical representation and processing of word-initial morphological alternations: Scottish Gaelic mutation},
	author={Ussishkin, Adam and Warner, Natasha and Clayton, Ian and Brenner, Daniel and Carnie, Andrew and Hammond, Michael and Fisher, Muriel},
	journal={Laboratory Phonology: Journal of the Association for Laboratory Phonology},
	volume={8},
	number={1},
	pages={8},
	year={2017},
}

@misc{Boersma2004,
	author={Boersma, Paul and Weenink, David},
	year={2018},
	title={Praat: doing phonetics by computer [Computer program]. Version 6.0.37},
	url={http://www.praat.org/}
}

@misc{MoreyRouder2018,
	author = {Morey, Richard D.},
	title = {Using the \url{BayesFactor} package, version 0.9.2+},
	url = {https://richarddmorey.github.io/BayesFactor/},
	year = {2018},
}

@misc{ZehrSchwarz2018,
	title={PennController for Internet Based Experiments (IBEX)},
	author={Zehr, Jeremy and Schwarz, Florian},
	doi={10.17605/OSF.IO/MD832},
	year={2018}
}

@article{Grainger2018,
	author={Grainger, Jonathan},
	title={Orthographic processing: A `mid-level' vision of reading: The 44th Sir Frederic Bartlett Lecture},
	journal={Quarterly Journal of Experimental Psychology},
	year={2018},
	volume={71},
	number={2},
	pages={335--359}
}

@article{GwilliamsMarantz2018,
	author={Gwilliams, Laura and Marantz, Alec},
	title={Morphological representations are extrapolated from morpho-syntactic rules},
	journal={Neuropsychologia},
	year={2018},
	volume={114},
	pages={77-87}
}

@article{NeophytouEtal2018,
	author={Neophytou, Kyriaki and Manouilidou, Christina and Stockall, Linnaea and Marantz, Alex},
	title={Syntactic and semantic restrictions on morphological recomposition: MEG evidence from Greek},
	journal={Brain and language},
	year={2018},
	volume={183},
	pages={11-20}
}

@article{SanchezGutierrezEtal2018,
	author={S{\'a}nchez-Guti{\'e}rrez, Claudia H. and Mailhot, Hugo and Deacon, H{\'e}l{`e}ne S. and Wilson, Maximiliano A.},
	title={MorphoLex: A derivational morphological database for 70,000 English words},
	journal={Behavior Research Methods},
	year={2018},
	volume={50},
	pages={1568-1589},
	doi={10.3758/s13428-017-0981-8}	
}


@article{PeirceEtal2019,
	author={Peirce, Jonathan and Gray, Jeremy R. and Simpson, Sol and MacAskill, Michael and H{\"o}chenberger, Richard and Sogo, Hiroyuki and Kastman, Erik and Lindel{\o}v, Jonas Kristoffer},
	title={PsychoPy2: Experiments in behavior made easy},
	journal={Behavior Research Methods},
	shortjournal={Behav. Res. Methods},
	year={2019},
	volume={51},
	number={1},
	pages={195--203}
}

@incollection{Sprouse2020,
	title = {A user's view of the validity of acceptability judgments as evidence for syntactic theories},
	author = {Sprouse, Jon},
	booktitle = {Linguistic Intuitions},
	editor = {Schindler, Samuel and Drozdzowicz, Anna and Brøcker, Karen},
	year = {in press},
	publisher = {Oxford University Press}
}

@article{deLeeuw2014,
	title = {jsPsych: A JavaScript library for creating behavioral experiments in a Web browser},
	author = {{de Leeuw}, Joshua R.},
	year = {2014},
	month = {03},
	date = {2014-03-28},
	journal = {Behavior Research Methods},
	pages = {1--12},
	volume = {47},
	number = {1},
	doi = {10.3758/s13428-014-0458-y},
	url = {http://dx.doi.org/10.3758/s13428-014-0458-y},
	langid = {en}
}

@article{Angele2023,
	title = {Does online masked priming pass the test? The effects of prime exposure duration on masked identity priming},
	author = {Angele, Bernhard and Baciero, Ana and G{\'o}mez, Pablo and Perea, Manuel},
	year = {2023},
	month = {03},
	journal = {Behavior Research Methods},
	pages = {151--167},
	volume = {55},
	number = {1},
	doi = {10.3758/s13428-021-01742-y},
	url = {http://dx.doi.org/10.3758/s13428-021-01742-y},
	langid = {en},
  publisher={Springer}
}

@article{Anwyl2020,
  title={Gorilla in our midst: An online behavioral experiment builder},
  author={Anwyl-Irvine, Alexander L and Massonni{\'e}, Jessica and Flitton, Adam and Kirkham, Natasha and Evershed, Jo K},
  journal={Behavior research methods},
  volume={52},
  pages={388--407},
  year={2020},
  publisher={Springer}
}

@article{ScarboroughEtal1977,
	title = {Frequency and repetition effects in lexical memory.},
	author = {Scarborough, Don L. and Cortese, Charles and Scarborough, Hollis S.},
	year = {1977},
	month = {02},
	date = {1977-02},
	journal = {Journal of Experimental Psychology: Human Perception and Performance},
	pages = {1--17},
	volume = {3},
	number = {1},
	doi = {10.1037/0096-1523.3.1.1},
	url = {http://dx.doi.org/10.1037/0096-1523.3.1.1},
	langid = {en}
}

@article{Anwyl-irvineEtal2020,
	title = {Realistic precision and accuracy of online experiment platforms, web browsers, and devices},
	author = {Anwyl-Irvine, Alexander and Dalmaijer, Edwin S. and Hodges, Nick and Evershed, Jo K.},
	year = {2020},
	month = {11},
	date = {2020-11-02},
	journal = {Behavior Research Methods},
	pages = {1407--1425},
	volume = {53},
	number = {4},
	doi = {10.3758/s13428-020-01501-5},
	url = {http://dx.doi.org/10.3758/s13428-020-01501-5},
	langid = {en}
}

@article{balota2007,
	title = {The English Lexicon Project},
	author = {Balota, David A. and Yap, Melvin J. and Hutchison, Keith A. and Cortese, Michael J. and Kessler, Brett and Loftis, Bjorn and Neely, James H. and Nelson, Douglas L. and Simpson, Greg B. and Treiman, Rebecca},
	year = {2007},
	month = {08},
	date = {2007-08},
	journal = {Behavior Research Methods},
	pages = {445--459},
	volume = {39},
	number = {3},
	doi = {10.3758/bf03193014},
	url = {http://dx.doi.org/10.3758/bf03193014},
	langid = {en}
}

@article{Ratcliff1993,
	title = {Methods for dealing with reaction time outliers.},
	author = {Ratcliff, Roger},
	year = {1993},
	date = {1993},
	journal = {Psychological Bulletin},
	pages = {510--532},
	volume = {114},
	number = {3},
	doi = {10.1037/0033-2909.114.3.510},
	url = {http://dx.doi.org/10.1037/0033-2909.114.3.510},
	langid = {en}
}

@article{EvettHumphreys1981,
  title={The use of abstract graphemic information in lexical access},
  author={Evett, Lindsay J. and Humphreys, Glyn W.},
  journal={The Quarterly Journal of Experimental Psychology},
  volume={33},
  number={4},
  pages={325--350},
  year={1981},
  publisher={Taylor \& Francis}
}

@article{lmerTest,
	title = {{\textbraceleft}lmerTest{\textbraceright} Package: Tests in Linear Mixed Effects Models},
	author = {Kuznetsova, Alexandra and Brockhoff, Per B. and Christensen, Rune H. B.},
	year = {2017},
	date = {2017},
	volume = {82},
	doi = {10.18637/jss.v082.i13}
}

@article{BayesFactor,
	title = {BayesFactor: Computation of Bayes Factors for Common Designs},
	author = {Morey, Richard D. and Rouder, Jeffrey N.},
	year = {2022},
	date = {2022},
	url = {https://CRAN.R-project.org/package=BayesFactor}
}

@article{RajaramNeely1992,
	title = {Dissociative masked repetition priming and word frequency effects in lexical decision and episodic recognition tasks},
	author = {Rajaram, Suparna and Neely, James H},
	year = {1992},
	month = {04},
	date = {1992-04},
	journal = {Journal of Memory and Language},
	pages = {152--182},
	volume = {31},
	number = {2},
	doi = {10.1016/0749-596x(92)90009-m},
	url = {http://dx.doi.org/10.1016/0749-596x(92)90009-m},
	langid = {en}
}

@article{Norris1984,
	title = {The Effects of Frequency, Repetition and Stimulus Quality in Visual Word Recognition},
	author = {Norris, Dennis},
	year = {1984},
	month = {08},
	date = {1984-08},
	journal = {The Quarterly Journal of Experimental Psychology Section A},
	pages = {507--518},
	volume = {36},
	number = {3},
	doi = {10.1080/14640748408402174},
	url = {http://dx.doi.org/10.1080/14640748408402174},
	langid = {en}
}

@article{DuchekNeely1989,
	title = {A dissociative word-frequency X levels-of-processing interaction in episodic recognition and lexical decision tasks},
	author = {Duchek, Janet M. and Neely, James H.},
	year = {1989},
	month = {03},
	date = {1989-03},
	journal = {Memory & Cognition},
	pages = {148--162},
	volume = {17},
	number = {2},
	doi = {10.3758/bf03197065},
	url = {http://dx.doi.org/10.3758/bf03197065},
	langid = {en}
}

@article{ForsterEtal1987,
	title = {Masked priming with graphemically related forms: Repetition or partial activation?},
	author = {Forster, Kenneth I. and Davis, C. and Schoknecht, C. and Carter, R.},
	year = {1987},
	month = {05},
	date = {1987-05},
	journal = {The Quarterly Journal of Experimental Psychology Section A},
	pages = {211--251},
	volume = {39},
	number = {2},
	doi = {10.1080/14640748708401785},
	url = {http://dx.doi.org/10.1080/14640748708401785},
	langid = {en}
}

@article{SeguiGrainger1990,
	title = {Priming word recognition with orthographic neighbors: Effects of relative prime-target frequency.},
	author = {Segui, Juan and Grainger, Jonathan},
	year = {1990},
	date = {1990},
	journal = {Journal of Experimental Psychology: Human Perception and Performance},
	pages = {65--76},
	volume = {16},
	number = {1},
	doi = {10.1037/0096-1523.16.1.65},
	url = {http://dx.doi.org/10.1037/0096-1523.16.1.65},
	langid = {en}
}

@article{Sereno1991,
	title = {Graphemic, associative, and syntactic priming effects at a brief stimulus onset asynchrony in lexical decision and naming.},
	author = {Sereno, Joan A.},
	year = {1991},
	month = {05},
	date = {1991-05},
	journal = {Journal of Experimental Psychology: Learning, Memory, and Cognition},
	pages = {459--477},
	volume = {17},
	number = {3},
	doi = {10.1037/0278-7393.17.3.459},
	url = {http://dx.doi.org/10.1037/0278-7393.17.3.459},
	langid = {en}
}

@article{ForsterDavis1991,
	title = {The density constraint on form-priming in the naming task: interference effects from a masked prime},
	author = {Forster, Kenneth I. and Davis, Christopher},
	year = {1991},
	month = {02},
	date = {1991-02},
	journal = {Journal of Memory and Language},
	pages = {1--25},
	volume = {30},
	number = {1},
	doi = {10.1016/0749-596x(91)90008-8},
	url = {http://dx.doi.org/10.1016/0749-596x(91)90008-8},
	langid = {en}
}

@article{BodnerMasson1997,
	title = {Masked Repetition Priming of Words and Nonwords: Evidence for a Nonlexical Basis for Priming},
	author = {Bodner, Glen E. and Masson, Michael E.J.},
	year = {1997},
	month = {08},
	date = {1997-08},
	journal = {Journal of Memory and Language},
	pages = {268--293},
	volume = {37},
	number = {2},
	doi = {10.1006/jmla.1996.2507},
	url = {http://dx.doi.org/10.1006/jmla.1996.2507},
	langid = {en}
}

@incollection{MassonBodner2003,
	title={A retrospective view of masked priming: Toward a unified account of masked and long-term repetition priming},
  author={Masson, Michael E.J. and Bodner, Glen E.},
	editor={Kinoshita, Sachiko and Lupker, Stephen J.},
	booktitle={Masked priming: The state of the art},
	pages={3--37},
	year={2003},
	address={New York, NY/Hove, UK},
	publisher={Psychology Press}
}

@incollection{MassonBodner2003,
	title={A retrospective view of masked priming: Toward a unified account of masked and long-term repetition priming},
  author={Masson, Michael E.J. and Bodner, Glen E.},
	editor={Kinoshita, Sachiko and Lupker, Stephen J.},
	booktitle={Masked priming: The state of the art},
	pages={3--37},
	year={2003},
	address={New York, NY/Hove, UK},
	publisher={Psychology Press}
}

@article{Nievas2010,
	title = {The Frequency Attenuation Effect in Identity and Associative Priming},
	author = {Nievas, Francisco},
	year = {2010},
	month = {05},
	date = {2010-05},
	journal = {The Spanish journal of psychology},
	pages = {30--62},
	volume = {13},
	number = {1},
	doi = {10.1017/s1138741600003668},
	url = {http://dx.doi.org/10.1017/s1138741600003668},
	langid = {en}
}

@article{Kinoshita2006,
	title = {Additive and interactive effects of word frequency and masked repetition in the lexical decision task},
	author = {Kinoshita, Sachiko},
	year = {2006},
	month = {08},
	date = {2006-08},
	journal = {Psychonomic Bulletin & Review},
	pages = {668--673},
	volume = {13},
	number = {4},
	doi = {10.3758/bf03193979},
	url = {http://dx.doi.org/10.3758/bf03193979},
	langid = {en}
}

@article{NorrisKinoshita2008,
	title = {Perception as evidence accumulation and Bayesian inference: Insights from masked priming.},
	author = {Norris, Dennis and Kinoshita, Sachiko},
	year = {2008},
	date = {2008},
	journal = {Journal of Experimental Psychology: General},
	pages = {434--455},
	volume = {137},
	number = {3},
	doi = {10.1037/a0012799},
	url = {http://dx.doi.org/10.1037/a0012799},
	langid = {en}
}

@article{BodnerMasson2001,
	title = {Prime Validity Affects Masked Repetition Priming: Evidence for an Episodic Resource Account of Priming},
	author = {Bodner, Glen E. and Masson, Michael E.J.},
	year = {2001},
	month = {11},
	date = {2001-11},
	journal = {Journal of Memory and Language},
	pages = {616--647},
	volume = {45},
	number = {4},
	doi = {10.1006/jmla.2001.2791},
	url = {http://dx.doi.org/10.1006/jmla.2001.2791},
	langid = {en}
}

@article{BrysbaertNew2009,
	title = {Moving beyond Ku{\v{c}}era and Francis: A critical evaluation of current word frequency norms and the introduction of a new and improved word frequency measure for American English},
	author = {Brysbaert, Marc and New, Boris},
	year = {2009},
	month = {11},
	date = {2009-11},
	journal = {Behavior Research Methods},
	pages = {977--990},
	volume = {41},
	number = {4},
	doi = {10.3758/brm.41.4.977},
	url = {http://dx.doi.org/10.3758/brm.41.4.977},
	langid = {en}
}

@article{Brysbaert2011,
  title={Do the effects of subjective frequency and age of acquisition survive better word frequency norms?},
  author={Brysbaert, Marc and Cortese, Michael J},
  journal={Quarterly Journal of Experimental Psychology},
  volume={64},
  number={3},
  pages={545--559},
  year={2011},
  publisher={SAGE Publications Sage UK: London, England}
}

@article{BurgessLivesay1998,
	title = {The effect of corpus size in predicting reaction time in a basic word recognition task: Moving on from Ku{\v{c}}era and Francis},
	author = {Burgess, Curt and Livesay, Kay},
	year = {1998},
	month = {06},
	date = {1998-06},
	journal = {Behavior Research Methods, Instruments, & Computers},
	pages = {272--277},
	volume = {30},
	number = {2},
	doi = {10.3758/bf03200655},
	url = {http://dx.doi.org/10.3758/bf03200655},
	langid = {en}
}

@article{BrysbaertStevens2018,
	title = {Power Analysis and Effect Size in Mixed Effects Models: A Tutorial},
	author = {Brysbaert, Marc and Stevens, {Michaël}},
	year = {2018},
	date = {2018},
	journal = {Journal of Cognition},
	volume = {1},
	number = {1},
	doi = {10.5334/joc.10},
	url = {http://dx.doi.org/10.5334/joc.10},
	langid = {en}
}

@article{Brysbaert2018,
  title={The word frequency effect in word processing: An updated review},
  author={Brysbaert, Marc and Mandera, Pawe{\l} and Keuleers, Emmanuel},
  journal={Current Directions in Psychological Science},
  volume={27},
  number={1},
  pages={45--50},
  year={2018},
  publisher={Sage Publications Sage CA: Los Angeles, CA}
}

@article{Gimenes2016,
  title={Worldlex: Twitter and blog word frequencies for 66 languages},
  author={Gimenes, Manuel and New, Boris},
  journal={Behavior research methods},
  volume={48},
  pages={963--972},
  year={2016},
  publisher={Springer}
}

@article{Herdaugdelen2017,
  title={Social media and language processing: How Facebook and Twitter provide the best frequency estimates for studying word recognition},
  author={Herda{\u{g}}delen, Ama{\c{c}} and Marelli, Marco},
  journal={Cognitive science},
  volume={41},
  number={4},
  pages={976--995},
  year={2017},
  publisher={Wiley Online Library}
}

@article{Button2013,
  title={Power failure: why small sample size undermines the reliability of neuroscience},
  author={Button, Katherine S and Ioannidis, John PA and Mokrysz, Claire and Nosek, Brian A and Flint, Jonathan and Robinson, Emma SJ and Munaf{\`o}, Marcus R},
  journal={Nature reviews neuroscience},
  volume={14},
  number={5},
  pages={365--376},
  year={2013},
  publisher={Nature Publishing Group UK London}
}

@article{Cohen1992,
	title = {A power primer.},
	author = {Cohen, Jacob},
	year = {1992},
	date = {1992},
	journal = {Psychological Bulletin},
	pages = {155--159},
	volume = {112},
	number = {1},
	doi = {10.1037/0033-2909.112.1.155},
	url = {http://dx.doi.org/10.1037/0033-2909.112.1.155},
	langid = {en}
}

@article{MASS,
	title = {Modern Applied Statistics with S},
	author = {Venables, W. N. and Ripley, B. D.},
	year = {2002},
	date = {2002},
	url = {https://www.stats.ox.ac.uk/pub/MASS4/}
}

@article{GelmanCarlin2014,
	title = {Beyond Power Calculations},
	author = {Gelman, Andrew and Carlin, John},
	year = {2014},
	month = {11},
	date = {2014-11},
	journal = {Perspectives on Psychological Science},
	pages = {641--651},
	volume = {9},
	number = {6},
	doi = {10.1177/1745691614551642},
	url = {http://dx.doi.org/10.1177/1745691614551642},
	langid = {en}
}

@incollection{Bodner2014,
  title={Memory recruitment: A backward idea about masked priming},
  author={Bodner, Glen E. and Masson, Michael E.J},
  booktitle={Psychology of Learning and Motivation},
  volume={61},
  pages={179--213},
  year={2014},
  publisher={Elsevier}
}

@article{Zevin2002,
  title={Age of acquisition effects in word reading and other tasks},
  author={Zevin, Jason D and Seidenberg, Mark S},
  journal={Journal of Memory and language},
  volume={47},
  number={1},
  pages={1--29},
  year={2002},
  publisher={Elsevier}
}

@article{Burgess1998,
  title={The effect of corpus size in predicting reaction time in a basic word recognition task: Moving on from Ku{\v{c}}era and Francis},
  author={Burgess, Curt and Livesay, Kay},
  journal={Behavior Research Methods, Instruments, \& Computers},
  volume={30},
  number={2},
  pages={272--277},
  year={1998},
  publisher={Springer}
}

@article{Balota2004,
  title={Visual word recognition of single-syllable words.},
  author={Balota, David A. and Cortese, Michael J. and Sergent-Marshall, Susan D. and Spieler, Daniel H. and Yap, Melvin J.},
  journal={Journal of experimental psychology: General},
  volume={133},
  number={2},
  pages={283},
  year={2004},
  publisher={American Psychological Association}
}

@article{Yap2009,
  title={Visual word recognition of multisyllabic words},
  author={Yap, Melvin J. and Balota, David A.},
  journal={Journal of Memory and Language},
  volume={60},
  number={4},
  pages={502--529},
  year={2009},
  publisher={Elsevier}
}

@article{Cayado2023,
  title={Does linear position matter for morphological processing? Evidence from a Tagalog masked priming experiment},
  author={Cayado, Dave Kenneth Tayao and Wray, Samantha and Stockall, Linnaea},
  journal={Language, Cognition and Neuroscience},
  pages={1--16},
  year={2023},
  publisher={Taylor \& Francis}
}

@article{Jacoby1981,
  title={On the relationship between autobiographical memory and perceptual learning.},
  author={Jacoby, Larry L and Dallas, Mark},
  journal={Journal of Experimental Psychology: General},
  volume={110},
  number={3},
  pages={306},
  year={1981},
  publisher={American Psychological Association}
}

@article{Jacoby1983,
  title={Remembering the data: Analyzing interactive processes in reading},
  author={Jacoby, Larry L},
  journal={Journal of verbal learning and verbal behavior},
  volume={22},
  number={5},
  pages={485--508},
  year={1983},
  publisher={Elsevier}
}

@phdthesis{Petrosino2020,
  title={More than islands of regularity: an investigation of the sensitivity of morphological decomposition to higher-level linguistic properties},
  author={Petrosino, Roberto},
  year={2020},
  school={University of Connecticut}
}

@article{PetrosinoEtal2023,
  title={Asymmetries  in  the  stem  and  suffix  masked  priming  response  in a  large-scale  online  study},
  author={Petrosino, Roberto and Sprouse, Jon and Almeida, Diogo},
  journal={Quaderni di Linguistica e Studi Orientali},
  number={49},
  pages={177--194},
  year={2023},
  doi= {10.13128/QUL-SO-2421-7220-15154}
}

@article{PotvinSchtuz2000,
	title = {Statistical power for the two-factor repeated measures ANOVA},
	author = {Potvin, Patrick J. and Schutz, Robert W.},
	year = {2000},
	month = {06},
	date = {2000-06},
	journal = {Behavior Research Methods, Instruments, & Computers},
	pages = {347--356},
	volume = {32},
	number = {2},
	doi = {10.3758/bf03207805},
	url = {http://dx.doi.org/10.3758/BF03207805},
	langid = {en}
}

@article{StockallMarantz2006,
   author = "Stockall, Linnaea and Marantz, Alec",
   title = "A single route, full decomposition model of morphological complexity: MEG evidence", 
   journal= "The Mental Lexicon",
   year = "2006",
   volume = "1",
   number = "1",
   pages = "85-123",
   doi = "https://doi.org/10.1075/ml.1.1.07sto"
  }
  
@article{ForsterAzuma2000,
  title={Masked priming for prefixed words with bound stems: Does submit prime permit?},
  author={Forster, Kenneth I. and Azuma, Tamiko},
  journal={Language and cognitive processes},
  volume={15},
  number={4-5},
  pages={539--561},
  year={2000},
  publisher={Taylor \& Francis Group}
}

@article{MassonBodner2003,
  title={A retrospective view of masked priming: Toward a unified account of masked and long-term repetition priming},
  author={Masson, Michael E.J. and Bodner, Glen E.},
  journal={Masked priming: The state of the art},
  pages={57--94},
  year={2003},
  publisher={Citeseer}
}

@article{LukacsGaspar2023,
  title={Precise display time measurement in JavaScript for web-based experiments},
  author={Luk{\'a}cs, G{\'a}sp{\'a}r and Gartus, Andreas},
  journal={Behavior Research Methods},
  volume={55},
  number={3},
  pages={1079--1093},
  year={2023},
  publisher={Springer},
  doi={10.3758/s13428-022-01835-2}
}

@article{KuznetsovaEtal2017,
 title={lmerTest Package: Tests in Linear Mixed Effects Models},
 volume={82},
 url={https://www.jstatsoft.org/index.php/jss/article/view/v082i13},
 doi={10.18637/jss.v082.i13},
 number={13},
 journal={Journal of Statistical Software},
 author={Kuznetsova, Alexandra and Brockhoff, Per B. and Christensen, Rune H. B.},
 year={2017},
 pages={1–26}
}

@incollection{ColtheartEtal1977,
  title={Access to the internal lexicon},
  author={Coltheart, Max and Davelaar, Eileen and Jonasson, Jon Torfi and Besner, Derek},
  editor = {Dornic, Stanislav},
  booktitle={Attention and performance VI},
  pages={535--555},
  year={1977},
  publisher={Routledge}
}

@article{SearsEtal1995,
  title={Neighborhood size and neighborhood frequency effects in word recognition},
  author={Sears, Chris R. and Hino, Yasushi and Lupker, Stephen J.},
  journal={Journal of Experimental Psychology: Human Perception and Performance},
  volume={21},
  number={4},
  pages={876},
  year={1995},
  publisher={American Psychological Association}
}

@article{GraingerJacobs1996,
  title={Orthographic processing in visual word recognition: a multiple read-out model},
  author={Grainger, Jonathan and Jacobs, Arthur M.},
  journal={Psychological review},
  volume={103},
  number={3},
  pages={518},
  year={1996},
  publisher={American Psychological Association}
}

@article{ForsterShen1996,
  title={No enemies in the neighborhood: absence of inhibitory neighborhood effects in lexical decision and semantic categorization},
  author={Forster, Kenneth I. and Shen, Di},
  journal={Journal of Experimental Psychology: Learning, Memory, and Cognition},
  volume={22},
  number={3},
  pages={696},
  year={1996},
  publisher={American Psychological Association}
}

@article{CarreirasEtal1997,
  title={Effects of the orthographic neighborhood in visual word recognition: Cross-task comparisons.},
  author={Carreiras, Manuel and Perea, Manuel and Grainger, Jonathan},
  journal={Journal of experimental psychology: learning, memory, and cognition},
  volume={23},
  number={4},
  pages={857},
  year={1997},
  publisher={American Psychological Association}
}

@article{Adelman2014,
  title={A behavioral database for masked form priming},
  author={Adelman, James S and Johnson, Rebecca L and McCormick, Samantha F and McKague, Meredith and Kinoshita, Sachiko and Bowers, Jeffrey S and Perry, Jason R and Lupker, Stephen J and Forster, Kenneth I and Cortese, Michael J and others},
  journal={Behavior research methods},
  volume={46},
  pages={1052--1067},
  year={2014},
  publisher={Springer}
}

@misc{w3counterGlobalStats,
  author = "{W3 Counter}",
  title = "Browser & Platform Market Share - November 2023",
  year = "2023",
  url = "https://www.w3counter.com/globalstats.php?year=2023&month=11",
  note = "[Online; accessed 01-November-2023]"
}

@article{Zimmerman2012,
  title={Drawing attention to primes increases inhibitory word priming effects.},
  author={Zimmerman, Robert and Gomez, Pablo},
  journal={The Mental Lexicon},
  volume={7},
  number={2},
  pages={119--146},
  year={2012},
  publisher={John Benjamins}
}

@article{Gomez2013,
  title={A diffusion model account of masked versus unmasked priming: Are they qualitatively different?},
  author={Gomez, Pablo and Perea, Manuel and Ratcliff, Roger},
  journal={Journal of Experimental Psychology: Human Perception and Performance},
  volume={39},
  number={6},
  pages={1731},
  year={2013},
  publisher={American Psychological Association}
}

@book{Petrosino2024,
  title={The Linguistic Sophistication of Morphological Decomposition: More than Islands of Regularity},
  author={Petrosino, Roberto},
  year={2024},
  publisher={Cambridge Scholar Publishing},
  address={Newcastle, UK}
}